@article{markant2014better,
  title={Is it better to select or to receive? Learning via active and passive hypothesis testing.},
  author={Markant, Douglas B and Gureckis, Todd M},
  journal={Journal of Experimental Psychology: General},
  volume={143},
  number={1},
  pages={94},
  year={2014},
  publisher={American Psychological Association}
}

@article{settles2012active,
  title={Active learning},
  author={Settles, Burr},
  journal={Synthesis Lectures on Artificial Intelligence and Machine Learning},
  volume={6},
  number={1},
  pages={1--114},
  year={2012},
  publisher={Morgan \& Claypool Publishers}
}

@inproceedings{castro2009human,
  title={Human active learning},
  author={Castro, Rui M and Kalish, Charles and Nowak, Robert and Qian, Ruichen and Rogers, Tim and Zhu, Xiaojin},
  booktitle={Advances in neural information processing systems},
  pages={241--248},
  year={2009}
}

@article{kachergis2013actively,
  title={Actively learning object names across ambiguous situations},
  author={Kachergis, George and Yu, Chen and Shiffrin, Richard M},
  journal={Topics in cognitive science},
  volume={5},
  number={1},
  pages={200--213},
  year={2013},
  publisher={Wiley Online Library}
}

@article{bonawitz2011double,
  title={The double-edged sword of pedagogy: Instruction limits spontaneous exploration and discovery},
  author={Bonawitz, Elizabeth and Shafto, Patrick and Gweon, Hyowon and Goodman, Noah D and Spelke, Elizabeth and Schulz, Laura},
  journal={Cognition},
  volume={120},
  number={3},
  pages={322--330},
  year={2011},
  publisher={Elsevier}
}

@article{ruggeri2015children,
  title={Children adapt their questions to achieve efficient search},
  author={Ruggeri, Azzurra and Lombrozo, Tania},
  journal={Cognition},
  volume={143},
  pages={203--216},
  year={2015},
  publisher={Elsevier}
}

@article{ruggeri2015basic,
  title={How basic-level objects facilitate question-asking in a categorization task},
  author={Ruggeri, Azzurra and Feufel, Markus A},
  journal={Frontiers in psychology},
  volume={6},
  year={2015},
  publisher={Frontiers Media SA}
}

@article{fitneva2010selective,
  title={Selective information seeking after a single encounter.},
  author={Fitneva, Stanka A and Dunfield, Kristen A},
  journal={Developmental psychology},
  volume={46},
  number={5},
  pages={1380},
  year={2010},
  publisher={American Psychological Association}
}

@article{begus2014infants,
  title={Infants learn what they want to learn: responding to infant pointing leads to superior learning},
  author={Begus, Katarina and Gliga, Teodora and Southgate, Victoria},
  year={2014}
}

@article{baldwin1996ontogeny,
  title={The ontogeny of social information gathering},
  author={Baldwin, Dare A and Moses, Louis J},
  journal={Child Development},
  volume={67},
  number={5},
  pages={1915--1939},
  year={1996},
  publisher={Wiley Online Library}
}

@article{miller1986children,
  title={Children's strategies for gathering information in three tasks},
  author={Miller, Patricia H and Haynes, Vernon F and DeMarie-Dreblow, Darlene and Woody-Ramsey, Janet},
  journal={Child Development},
  pages={1429--1439},
  year={1986},
  publisher={JSTOR}
}

@article{gregan1995young,
  title={Are young children adaptive decision makers? A study of age differences in information search behavior},
  author={Gregan-Paxton, Jennifer and John, Deborah Roedder},
  journal={Journal of Consumer Research},
  pages={567--580},
  year={1995},
  publisher={JSTOR}
}

@article{gureckis2012self,
  title={Self-directed learning a cognitive and computational perspective},
  author={Gureckis, Todd M and Markant, Douglas B},
  journal={Perspectives on Psychological Science},
  volume={7},
  number={5},
  pages={464--481},
  year={2012},
  publisher={Sage Publications}
}

@article{grabinger1995rich,
  title={Rich environments for active learning: A definition},
  author={Grabinger, R Scott and Dunlap, Joanna C},
  journal={Research in learning Technology},
  volume={3},
  number={2},
  year={1995}
}

@article{kapur2008productive,
  title={Productive failure},
  author={Kapur, Manu},
  journal={Cognition and instruction},
  volume={26},
  number={3},
  pages={379--424},
  year={2008},
  publisher={Taylor \& Francis}
}

@article{westermann2012delaying,
  title={Delaying instruction: evidence from a study in a university relearning setting},
  author={Westermann, Katharina and Rummel, Nikol},
  journal={Instructional Science},
  volume={40},
  number={4},
  pages={673--689},
  year={2012},
  publisher={Springer}
}

@article{bates2013lme4,
  title={lme4: Linear mixed-effects models using Eigen and S4},
  author={Bates, Douglas and Maechler, Martin and Bolker, Ben and Walker, Steven},
  journal={R package version},
  volume={1},
  number={4},
  year={2013}
}